<?xml version="1.0" encoding="UTF-8"?><collection xmlns="http://www.loc.gov/MARC21/slim"><record><leader>00475nam--2200181-i-4500</leader><controlfield tag="001">000039658</controlfield><controlfield tag="002">20161230</controlfield><controlfield tag="005">20161230201042</controlfield><controlfield tag="008">060222s1000------------r-----000-0-rum-d</controlfield><datafield ind1=" " ind2=" " tag="040"><subfield code="a">IFIN-HH</subfield></datafield><datafield ind1=" " ind2=" " tag="041"><subfield code="a">rum</subfield></datafield><datafield ind1=" " ind2=" " tag="080"><subfield code="a">502.55:532</subfield></datafield><datafield ind1="1" ind2=" " tag="100"><subfield code="a">Roman,Petre</subfield></datafield><datafield ind1="1" ind2="0" tag="245"><subfield code="a">Introducere in fizica poluarii fluidelor</subfield><subfield code="c">Petre Roman</subfield></datafield><datafield ind1=" " ind2=" " tag="260"><subfield code="a">Bucuresti, Editura Stiintifica Si Enciclopedica, 1980</subfield></datafield><datafield ind1=" " ind2=" " tag="300"><subfield code="a">231 P</subfield></datafield><datafield ind1=" " ind2=" " tag="852"><subfield code="a">47754</subfield><subfield code="c">532</subfield></datafield><datafield ind1=" " ind2=" " tag="CAT"><subfield code="a">Sys</subfield><subfield code="c">20100722</subfield><subfield code="h">094025</subfield></datafield></record></collection>